@manual{oetiket2007lshort,
    author = {Oetiket, T. and Partl, H. and Hyna and Schlegl, E.},
    title = {The not-so-short introduction to Latex},
    url = {http://www.ctan.org/tex-archive/info/lshort/english/lshort.pdf}
}

@Manual{downes2002shortams,
  title = 	 {{Short Math Guide for \LaTeX{}}},
  author = 	 {Downes,, Michael},
  organization = {American Mathematical Society},
  year = 	 {2002},
  url = 	 {ftp://ftp.ams.org/pub/tex/doc/amsmath/short-math-guide.pdf}
}

@Book{ungar2002uvod,
  author = 	 {Šime Ungar},
  title = 	 {{Uvod u \TeX{} s naglaskom na \LaTeX 2$\epsilon$}},
  publisher = 	 {Odjel za matematiku, Sveučilište J.J.\ Strossmayera u Osijeku},
  year = 	 {2002}
}

@Manual{introToGenAlgs,
	author = 	 {Mallawaarachchi, Vijini},
	title = 	 {{Introduction to Genetic Algorithms — Including Example Code}},
	organization = {The Australian National University},
	year = 	 {2017},
	url = 	 {https://towardsdatascience.com/introduction-to-genetic-algorithms-including-example-code-e396e98d8bf3}
}


@Manual{PIOA,
	title = 	 {{Prirodom inspirirani optimizacijski algoritmi}},
	author = 	 {Čupić, Marko},
	organization = {FER},
	year = 	 {2012},
	url = 	 {http://java.zemris.fer.hr/nastava/pioa/knjiga-0.1.2013-12-30.pdf}
}

@Manual{NENR,
	title = 	 {{Neizrazito, evolucijsko i neuroračunarstvo}},
	author = 	 {Čupić, Marko and Dalbelo-Bašić Bojana and Golub Marin},
	organization = {FER},
	year = 	 {2013},
	url = 	 {http://java.zemris.fer.hr/nastava/nenr/knjiga-0.1.2013-08-12.pdf}
}


@Manual{GoldAndDeb,
	title = 	 {{A comparative analysis of selection schemes used in genetic algorithms. In Foundations of genetic algorithms (FOGA1)}},
	author = 	 {Deb. , K. and Goldberg, D.},
	organization = {FOGA},
	year =   {1991},
	publisher =   {Morgan Kaufmann}
}

@Manual{EvAlgsinTheoryAndPractise,
	title = 	 {{Evolutionary Algorithms in Theory and Practice}},
	author = 	 {Bäck, T.},
	year =   {1996},
	publisher =   {0195099710, Oxford University Press, New York}
}

@Manual{Back1995,
	title = 	 {{Generalized convergence models for tournament- and (mu,lambda)-selection }},
	author = 	 {Bäck, T.},
	year =   {1995},
	publisher =   {Morgan Kaufmann, 1995.ISBN1-55860-370-0}
}

@Manual{MillerAndGoldberg,
	title = 	 {{Genetic algorithms, tournament selection, and the effects of noise}},
	author = 	 {Miller, B. and Goldberg. , D.},
	year =   {1995},
	publisher =   {Complex Systems, 9(3):193212,1995.}
}

@Manual{MuhlenbeinAndVoosen,
	title = 	 {{Predictive models for the breeder genetic algorithm, I: Continuous parameter optimization. EvolutionaryComputation}},
	author = 	 {Mühlenbein, H. and Schlierkamp-Voosen, D.},
	year =   {1993},
	url =   {http://dx.doi.org/10.1162/evco.1993.1.1.25}
}

@Manual{Thierens,
	title = 	 {{Selection schemes, elitist recombination, and selection intensity}},
	author = 	 {Thierens, D.},
	year =   {1997},
	publisher =   {SanFrancisco,CA,USA,1997.MorganKaufmann.}
}

@Manual{Holland,
	title = 	 {{Adaptation in Natural and Artifcial Systems: An Introductory Analysis with Applications to Biology, Control, and Artifcial Intelligence}},
	author = 	 {Holland, J. H.},
	year =   {1975},
	publisher =   {UniversityofMichiganPress}
}

@Manual{UI,
	title = 	 {{Evolucijsko računanje}},
	author = 	 {Čupić, Marko},
	organization = {FER},
	year = 	 {2019},
	url = 	 {http://java.zemris.fer.hr/nastava/ui/evo/evo-20190604.pdf}
}









